2940 3720
1453 147 1486 193 4

401 294 556 331 notua
586 281 831 331 dixerunt?
869 292 964 329 tam
1000 297 1093 328 uon
1132 281 1311 327 laborat
1350 284 1461 327 scire
1499 290 1653 327 utrum
1692 297 1812 327 nova
1840 282 2044 343 proferat
2073 300 2132 330 an
2161 283 2332 330 dudum
2361 296 2471 332 nota
2501 297 2546 333 et

403 385 431 414 a
458 367 662 429 pluribus
694 371 788 414 sive
816 377 937 412 recte
968 369 1060 412 sive
1092 366 1205 411 falso
1238 366 1367 410 dicta.
1428 366 1566 410 veluti
1603 368 1650 410 in
1687 368 1793 426 ipsis
1831 367 1917 412 illis
1956 383 2067 427 quas
2098 373 2544 415 commemoravimus

400 453 735 516 Aristophaneis
781 451 1164 499 emendationibus
1208 466 1299 497 non
1336 466 1479 513 panca
1517 450 1574 496 ab
1614 451 1710 496 aliis
1750 449 2054 498 demonstrata
2092 462 2281 516 occupat
2314 462 2547 516 tamquam

401 554 521 585 nova
552 548 597 585 et
626 540 754 598 quasi
783 547 991 600 peragret
1021 540 1122 583 avia
1154 537 1376 582 Pieridum
1417 537 1537 590 loca,
1578 536 1741 581 nullius
1783 545 1886 582 ante
1925 539 2032 583 trita
2072 538 2182 584 solo.
2243 538 2321 586 sed
2359 542 2544 601 insignia

402 633 507 670 sunt
535 625 582 667 in
611 623 697 668 hoc
729 639 888 684 genere
919 625 1100 682 quaein
1121 622 1315 682 quadam
1337 623 1647 682 Mnemosyncs
1668 621 1898 681 particula,
1930 624 2054 666 cuius
2086 622 2205 668 forte
2234 639 2385 669 recens
2416 624 2543 670 nobis

402 717 468 753 est
497 710 736 762 memoria,
776 710 1009 769 praestitit.
1072 716 1231 767 quarta
1264 715 1331 752 est
1361 707 1599 752 voluminis
1638 709 1757 751 noni.
1817 706 1878 751 ibi
1907 721 1948 767 p.
1970 705 2060 750 392
2092 706 2369 755 demonstrat
2397 708 2543 755 Iliadis

400 808 445 837 11
474 790 566 836 230
609 790 803 849 σαώσεμεν
844 790 1110 836 mutandum
1152 806 1246 835 esse
1286 792 1333 835 in
1372 788 1464 843 σόας
1507 787 1603 846 ἔμεν.
1674 789 1851 835 biennio
1894 800 1996 835 ante
2034 788 2278 835 Immanuel
2316 791 2541 838 Bekkerus

399 874 584 921 Iliadem
622 878 785 920 iterum
825 874 1036 919 ediderat,
1107 874 1212 931 quid
1251 873 1324 917 ille
1362 872 1563 931 scripsit?
1607 874 1643 917 ἐν
1682 874 1771 931 δοιῇ
1801 872 1844 917 δὲ
1880 871 1974 925 σέας
2014 870 2095 930 ἔμεν
2125 867 2151 929 ἢ
2181 871 2406 920 ἀπολέσθαι
2436 879 2542 933 Νῆσις

400 962 646 1017 ἐυσσέλμους.
706 977 749 1019 p.
765 961 854 1002 398
884 958 1103 1002 ‘ridiculus
1127 975 1252 1001 error
1274 975 1297 1000 e
1318 958 1503 1000 Platone
1533 957 1800 1000 removetur'
1831 958 2104 1015 doceturque
2135 976 2236 1002 eum
2267 976 2310 1017 p.
2324 960 2431 1002 932e
2451 978 2542 1004 non

401 1048 625 1104 scripsisse
647 1040 805 1086 ἕκαστον
826 1042 903 1086 sed
924 1038 1071 1085 ἑκατόν.
1117 1039 1220 1084 ann'i
1240 1041 1369 1086 erant
1382 1050 1559 1100 ’septem
1585 1051 1636 1084 et
1654 1040 1819 1100 viginti
1850 1048 1906 1085 et
1921 1028 2026 1100 -quo
2058 1042 2285 1087 Bekkerus
2317 1059 2539 1088 commen-

399 1132 615 1173 tariorum
648 1129 976 1171 Platonicorum
1007 1136 1039 1170 t.
1060 1143 1090 1170 n
1121 1142 1163 1186 p.
1186 1126 1276 1170 244
1308 1128 1415 1169 haec
1448 1128 1703 1184 scripserat,
1741 1123 1940 1168 ’ἕκαστονε
1983 1142 2040 1170 an
2081 1126 2257 1172 ἑκατόν9’
2295 1128 2439 1188 siquid
2470 1129 2539 1172 hic

400 1222 467 1258 est
496 1212 687 1263 ridiculi,
726 1227 817 1256 non
849 1227 975 1256 error
1005 1211 1284 1275 tantumille
1316 1219 1385 1255 est
1410 1209 1729 1275 librariorum.
1749 1224 1926 1276 fl‘fum
1966 1210 2239 1256 abstinemus
2278 1228 2304 1256 a
2342 1221 2537 1272 pertrac-

399 1297 535 1341 tanda
576 1299 763 1341 materia
801 1312 916 1355 quae
953 1296 1178 1340 uberrima
1210 1294 1388 1353 quidem
1429 1304 1497 1339 est
1534 1294 1611 1338 sed
1652 1296 1829 1338 minime
1861 1294 2071 1339 iucunda:
2113 1311 2257 1353 neque
2295 1297 2538 1341 timendum

399 1391 466 1425 est
506 1381 604 1425 fore
647 1391 698 1424 ut
736 1383 811 1439 qui
851 1390 954 1424 ante
994 1381 1110 1423 hunc
1140 1380 1476 1438 Agamemnona
1516 1381 1666 1422 vixere
1709 1378 1848 1443 fortes
1889 1379 2226 1423 inlacrimabiles
2266 1391 2538 1439 urgueantur

395 1469 625 1524 ignotique
654 1466 787 1523 longa
816 1475 959 1508 nocte.
1013 1466 1170 1521 <itaque
1192 1473 1252 1506 tut
1281 1458 1344 1506 ad
1363 1460 1676 1522 *Aristophanis
1709 1463 1974 1507 vet-siculum
2014 1464 2269 1515 redeamus,
2308 1466 2464 1509 inutile
2495 1475 2539 1509 et

396 1549 609 1594 frivolum
641 1558 708 1593 est
736 1547 846 1592 illud
876 1548 1073 1593 Elmsleii
1104 1547 1349 1606 Cobetique
1381 1548 1461 1589 παῖ’
1483 1548 1574 1598 παῖ,
1617 1562 1708 1590 non
1750 1563 1842 1606 quo
1884 1547 2072 1592 scribere
2111 1550 2173 1591 ita
2213 1563 2304 1592 non
2342 1551 2539 1608 potuerit

396 1634 728 1694 Aristophanes,
760 1633 837 1677 sed
870 1636 975 1692 quia
1005 1627 1087 1675 ἐντὶ
1119 1634 1188 1674 τοῦ
1217 1631 1353 1683 παιδός
1385 1634 1559 1690 scripsit
1588 1634 1843 1675 rectissime.
1895 1630 2056 1675 ‘amant
2088 1642 2256 1675 veteres
2288 1632 2365 1675 ubi
2392 1633 2536 1676 forma

394 1728 570 1762 tantum
601 1718 806 1761 vocabuli
832 1720 1070 1776 respicitur
1091 1731 1212 1768 mon,
1250 1725 1304 1759 ut
1331 1730 1414 1760 nos
1446 1716 1819 1760 solmuswaom
1847 1719 1903 1759 in
1930 1717 2125 1760 vocibus
2158 1717 2372 1768 *eit-ndis,
2407 1727 2537 1761 extu

396 1805 770 1845 constructionem
812 1803 922 1844 illud
964 1816 1152 1860 ponere,
1199 1802 1277 1843 sed
1322 1816 1422 1843 cum
1458 1804 1687 1843 oratione
1716 1800 1992 1843 coneum-¹:2²
2038 1802 2175 1843 verba
2215 1811 2326 1843 sunt
2366 1802 2536 1844 Lehnii

396 1888 578 1941 Quaest.
611 1901 678 1944 ep.
713 1901 752 1944 p.
775 1884 886 1936 325,
928 1889 1003 1944 qui
1036 1889 1141 1928 satis
1173 1895 1327 1928 notam
1365 1885 1537 1928 dicendi
1577 1885 1963 1933 consuetudinem,
2007 1889 2131 1928 cuius
2164 1901 2253 1927 non
2286 1888 2536 1929 meminisse

391 1972 653 2015 Elmsleium
684 1979 728 2013 et
760 1970 997 2022 Cobetum,
1030 1979 1270 2028 utrumque
1304 1970 1471 2013 Graece
1503 1970 1831 2021 doctissimum,
1870 1972 2103 2021 miramur,
2142 1971 2291 2012 multis
2325 1971 2533 2031 exemplis

393 2054 646 2102 declaravit.
706 2054 941 2100 Dobroeus
966 2064 1120 2100 autem
1152 2054 1264 2099 Λὼτ.
1286 2068 1315 2103 u
1342 2068 1388 2116 p.
1405 2053 1507 2107 213,
1537 2053 1745 2100 videlieet
1772 2053 1991 2108 ιιιπαιδός
2008 2069 2112 2099 ,εισι
2129 2054 2533 2101 mutandnmcsse

392 2140 667 2200 significaret,
698 2154 751 2185 ea
779 2140 1049 2185 conferenda
1080 2154 1176 2185 esse
1206 2141 1381 2183 monuit
1412 2153 1525 2198 quae
1556 2142 1601 2183 in
1629 2140 1982 2184 ‘Demosthenicis
2006 2142 2105 2184 ,suis
2137 2142 2355 2199 congessit
2385 2139 2496 2184 Δάν.
2516 2156 2533 2183 ι

390 2243 435 2286 p.
453 2225 557 2271 429.
616 2228 663 2271 in
692 2225 855 2285 quibus
885 2235 1005 2271 recte
1036 2224 1093 2270 ad
1119 2224 1311 2269 ‘candem
1345 2224 1518 2270 dicendi
1550 2225 1742 2269 fonnem
1773 2224 1910 2270 refert
1942 2225 2063 2284 quod
2090 2223 2255 2269 Avium
2282 2224 2439 2270 v.·184
2469 2225 2531 2270 le-

389 2313 509 2369 gitur
539 2311 581 2354 ἐκ
612 2313 680 2353 τοῦ
707 2308 833 2354 πόλσυ
862 2308 1000 2353 τούτου
1039 2307 1271 2365 κεκλήσεται
1311 2308 1436 2360 πόλις.
1500 2325 1631 2367 quem
1668 2324 1850 2353 versum
1888 2311 1967 2368 qui
2009 2309 2284 2369 praecedunt
2306 2311 2532 2367 quoniam

389 2409 534 2454 nuper
560 2397 726 2454 partim
759 2396 884 2439 eiecti
913 2403 1034 2445 sunt,
1064 2393 1387 2453 experiundum
1419 2402 1486 2437 est
1514 2396 1644 2452 siqua
1675 2402 1831 2437 nostra
1852 2409 1937 2453 ope
1957 2393 2168 2438 reducere
2190 2395 2531 2452 possimusxuon

390 2494 474 2522 sua
512 2481 643 2538 culpa
676 2481 843 2523 exules.
921 2478 1047 2521 iubet
1083 2479 1361 2522 Pithetaerus
1403 2493 1593 2536 epopem
1636 2479 1789 2521 oculos
1832 2478 2041 2521 deorsum
2082 2488 2127 2520 et
2176 2494 2352 2521 sursum
2393 2479 2530 2522 fem.

388 2572 518 2621 paret
545 2563 631 2612 ille,
663 2564 740 2606 sed
770 2563 880 2605 nihil
910 2563 1032 2605 videt
1055 2572 1238 2620 praeter
1269 2562 1409 2605 nubes
1442 2571 1488 2605 et
1519 2562 1703 2604 caelum.
1759 2570 1861 2603 rtum
1894 2561 2169 2605 Pitbetaerus
2208 2561 2286 2615 οὐχ
2324 2557 2431 2613 οὗτος
2465 2556 2529 2603 οὖν

389 2646 516 2703 δήπου
536 2642 627 2689 ’στὶν
658 2644 817 2703 o'pvsswv
847 2645 987 2701 πόλοςς
1021 2657 1066 2690 et
1094 2647 1168 2690 ille
1198 2645 1338 2700 πόλμςς
1370 2645 1455 2688 τίνα
1485 2645 1645 2701 σρόπον5
1676 2656 1776 2689 tum
1799 2646 2084 2690 zPithetaerus

1217 2724 1349 2785 ὥο-πτρ
1380 2730 1416 2774 εἰ
1443 2729 1567 2787 λέγοις
1598 2731 1728 2782 τόπος.

940 2810 1002 2860 ὅτι
1032 2816 1075 2859 ὀὶ
1106 2818 1284 2860 πολεῖται
1315 2818 1428 2859 τοῦτο
1459 2813 1524 2858 καὶ
1556 2815 1755 2870 διέρχεται

939 2892 1105 2952 ἅπαντα,
1137 2899 1204 2944 &tol
1229 2901 1348 2944 τοῦτο’
1375 2918 1419 2956 γε
1448 2903 1627 2945 amiitat
1659 2903 1715 2944 νῦν
1748 2898 1887 2953 πόλος·

935 2981 984 3043 ’ἣν
1009 2985 1049 3029 [δ’
1071 2985 1246 3043 οἰκίσητε
1276 2988 1390 3029 τοῦτο
1421 2982 1487 3028 καὶ
1515 2983 1697 3042 *pigo-'9’
1724 2977 1848 3041 ἅπαξ,

939 3071 1082 3116 inscii
1114 3070 1239 3115 κόλου
1260 3068 1404 3115 Ιἰἰινύί-ου
1434 3067 1668 3127 καλήσπαι
1689 3068 1833 3122 πόλος.

385 3157 598 3217 scriptum
630 3164 696 3202 est
734 3158 780 3201 in
820 3155 944 3202 libris
983 3147 1114 3212 ὥσπερ
1155 3153 1256 3200 εἴποι
1295 3171 1351 3209 τις
1389 3152 1519 3209 τόπος.
1573 3153 1705 3215 quod
1744 3166 1846 3199 cum
1874 3152 1993 3211 >fetri
2033 3161 2245 3213 nequeat,
2289 3154 2524 3215 excogitari
