2940 3720
1438 229 1470 280 7

385 370 530 431 μέσων
539 370 665 430 μέντοι
693 386 737 429 γε
766 366 838 415 καὶ
861 365 930 414 τὸν
946 367 1059 413 Χίων
1089 364 1325 426 πρεσβευτὴν
1354 363 1442 425 περὶ
1471 367 1663 426 ἐξαγωγῆς
1693 368 1817 424 πυρου
1846 366 2036 426 δεόμενον,
2075 364 2157 412 ἐπεὶ
2194 371 2348 427 μακρῶς
2386 367 2512 428 ἡρμή-

387 471 490 502 νευσε
529 452 598 513 τὴν
633 454 781 513 δέησιν,
815 447 1023 510 wpmvv
1053 437 1355 511 &afflictum
1401 451 1530 508 ἑτέρου
1567 450 1612 496 δὲ
1647 451 1892 511 πεμφθέντος
1931 451 2215 511 συντομωτέραν
2252 448 2402 512 (ἤπειγε
2438 450 2512 511 γαρ

383 538 534 599 ἆνᾶγκή
566 537 651 594 τούς
688 537 830 595 Χίους)
869 535 1029 583 ἔδοσαν
1055 534 1192 583 im&
1191 534 1301 595 ’γᾶῤ
1305 535 1502 583 θύλακον
1536 534 1661 589 αὐτοῖς
1699 530 1812 590 οὗτος
1844 535 2035 590 οἰνατείνας
2072 535 2250 593 α’λφίτων
2286 535 2398 582 αὐτὸν
2436 536 2512 595 ἔφη

384 624 553 672 δεῒέἓαι.
606 618 720 682 ὅμως
741 621 778 667 δ”
807 614 876 668 oin.
905 618 971 666 καὶ
1005 625 1158 667 τοῧτον
1177 618 1228 675 ὥς
1262 619 1489 678 eldeum&
1527 620 1761 679 ἐμέμψαντο·
1800 619 2059 678 ἀποχρώντως
2094 618 2169 679 γὰρ
2208 618 2307 676 κενδς
2338 620 2513 678 δειχθεὶς

386 707 407 754 o‘
433 708 607 762 θύλακος
637 707 799 767 ἐσήμηνε
833 705 903 766 τὴν
932 710 1005 752 τῶν
1035 706 1143 751 Χίων
1173 704 1334 763 αἴτησιν.
1397 705 1680 750 manifestum
1712 715 1780 750 est
1809 706 1993 751 Sextum
2025 715 2104 751 aut
2134 722 2225 751 non
2254 710 2509 753 memoriter

384 794 633 840 meminisse
656 792 915 853 quae‘apud
935 779 1215 837 Herodotum
1245 790 1427 850 legerat·
1442 799 1520 835 aut
1549 793 1705 849 potius
1731 790 1866 835 alium
1898 800 2098 835 secutum
2129 806 2224 836 esse
2254 794 2511 852 scriptorem

385 881 461 936 qui
502 893 616 935 quae
654 877 911 921 Herodotus
955 876 1009 919 de
1051 876 1209 919 Samiis
1256 875 1457 919 exulibus
1501 874 1702 933 perhibet
1747 874 1802 919 de
1843 874 2056 918 Chiorum
2096 876 2244 933 aliquo
2284 876 2426 934 legato
2467 887 2512 921 et

382 962 534 1023 paullo
573 962 699 1007 aliter
734 963 952 1011 narravit,
997 971 1049 1004 ut
1090 960 1234 1004 solent
1275 962 1438 1003 variari
1482 959 1698 1003 eiusmodi
1736 959 2103 1003 narratiunculae.
2172 960 2292 1017 apud
2328 961 2510 1004 Sextum

382 1047 720 1092 Lacedaemonii
758 1048 862 1089 satis
900 1045 1100 1090 futurum
1132 1045 1267 1089 fuisse
1304 1044 1455 1088 dicunt
1493 1047 1529 1088 si
1567 1045 1734 1104 legatus
1766 1044 1978 1088 Chiorum
2019 1062 2209 1088 vacuum
2249 1046 2510 1090 ostendisset

383 1147 555 1178 saccum
597 1132 855 1189 nullumque
894 1131 1121 1175 adiecisset
1158 1131 1366 1182 verbum3
1411 1130 1561 1190 paullo
1605 1131 1861 1173 clementius
1893 1130 2013 1190 apud
2043 1130 2321 1174 Herodotum
2352 1131 2508 1174 Samiis

382 1218 490 1262 haec
522 1217 691 1268 dicunt,
730 1214 844 1260 ‘satis
877 1226 972 1260 erat
1003 1213 1175 1270 αῗλφίτων
1206 1218 1346 1266 δεῖται,
1389 1216 1543 1259 inutile
1582 1224 1731 1259 autem
1769 1215 1940 1259 adicere
1978 1213 2001 1258 ὅ
2028 1214 2221 1268 θύλακος,
2260 1232 2362 1259 nam
2393 1217 2509 1259 hune

380 1300 606 1347 videmus-³
664 1300 848 1361 adparet
877 1303 964 1344 iam
997 1316 1141 1359 neque
1172 1300 1510 1344 Valckenarium
1542 1299 1651 1343 haec
1681 1299 1945 1343 intellexisse
1977 1315 2118 1360 neque
2152 1303 2226 1360 qui
2256 1301 2317 1344 illi
2348 1301 2504 1344 adsen-

383 1402 458 1432 sus
499 1395 566 1431 est
597 1385 901 1430 Schaeferum:
949 1401 1051 1429 nam
1093 1387 1139 1428 in
1178 1387 1239 1429 eis
1279 1399 1392 1443 quae
1430 1382 1696 1427 antecedunt
1735 1386 2004 1444 scripserunt
2040 1384 2212 1430 θύλακον
2251 1384 2293 1428 δὲ
2333 1385 2507 1440 φέροντες

383 1469 529 1525 ἔφασαν
567 1467 739 1524 α’λφίτων
781 1469 968 1520 δέεσθαι,
1012 1469 1155 1512 deleto
1195 1484 1247 1512 eo
1290 1468 1410 1527 quod
1450 1484 1633 1527 prorsus
1675 1471 1969 1512 necessarium
2002 1479 2080 1513 est.
2142 1473 2320 1513 omnino
2353 1486 2507 1514 eorum

383 1557 459 1615 qui
499 1555 553 1599 de
593 1555 677 1599 illis
708 1552 926 1598 Herodoti
965 1552 1108 1599 verbis
1140 1553 1306 1613 aliquid
1338 1552 1542 1597 dixerunt
1577 1568 1689 1597 unus
1721 1553 2163 1613 Schweighaeuserus
2201 1553 2376 1599 videtur
2411 1570 2505 1599 rem

385 1640 662 1685 intellexisse.

560 1723 649 1767 Sed
675 1723 838 1767 'dixerit
868 1723 1025 1782 aliquis
1055 1738 1136 1766 nos
1169 1738 1347 1782 quoque
1377 1732 1474 1766 tota
1514 1732 1665 1766 nostra
1703 1723 2002 1782 disputatione
2040 1723 2330 1780 περιεργάσθαι.
2391 1734 2504 1768 esto:

379 1812 485 1856 trita
515 1809 799 1870 protulimus,
842 1808 918 1853 sed
948 1808 1180 1854 iuvenibus
1211 1808 1401 1854 sortasse
1431 1824 1522 1853 non
1552 1809 1743 1861 inutilia3
1785 1824 1929 1869 neque
1969 1825 2235 1871 magnopere
2265 1810 2504 1855 verendum

380 1895 508 1940 nohis
539 1903 606 1940 est
634 1910 690 1939 ne
722 1894 839 1938 docti
880 1894 1080 1939 homines
1120 1895 1226 1939 haec
1267 1904 1420 1938 nostra
1458 1895 1616 1953 legant.
1688 1894 1846 1952 quodsi
1890 1897 1965 1953 qui
2005 1904 2156 1939 tamen
2196 1895 2350 1939 lecturi
2391 1906 2504 1947 sunt,

379 1979 576 2025 taedium
608 1995 764 2024 eorum
795 1979 984 2024 fortasse
1016 1979 1381 2039 conpensabimus
1413 1979 1594 2023 maculis
1623 1978 1794 2023 duabus
1827 1995 1880 2023 ex
1911 1979 2076 2024 eisdem
2107 1980 2228 2025 libris
2260 1981 2313 2025 de
2345 1981 2503 2038 quibus

381 2064 701 2126 disputavimus
734 2064 943 2109 eluendis.
1002 2066 1154 2123 itaque
1185 2064 1303 2124 apud
1335 2064 1612 2108 Herodotum
1643 2081 1687 2108 111
1719 2064 1806 2108 128
1838 2065 1945 2109 haec
1975 2065 2203 2124 leguntur,
2244 2066 2381 2118 βιβλία
2410 2084 2503 2121 γρα-

380 2148 544 2207 ψάμενος
575 2145 709 2192 πολλοὶ
739 2146 803 2190 καὶ
834 2145 920 2202 περὶ
951 2151 1107 2192 πολλῶν
1138 2146 1278 2203 ἔχοντα
1307 2147 1539 2205 πρηγμάτων
1570 2148 1768 2205 σφρηγῖδά
1798 2155 1870 2202 σφι
1901 2149 2069 2201 ἐπέβαλε
2100 2147 2167 2206 τὴν
2189 2149 2374 2205 Δαρείου,
2406 2148 2503 2207 pac-to)

379 2233 424 2278 δὲ
461 2228 520 2291 ἤιε
559 2230 657 2288 ἔχων
691 2234 813 2276 ταῦτα
851 2233 886 2285 ἐς
921 2229 990 2285 τοὶς
1020 2230 1177 2289 Σάρδις.
1245 2236 1443 2293 ineptum
1483 2242 1550 2278 est
1587 2230 1726 2287 ἔχοντα
1765 2236 1826 2276 ita
1866 2234 2081 2294 explicare
2120 2244 2171 2278 ut
2208 2232 2318 2286 ἔπεα,
2358 2234 2502 2291 λόγους,

380 2315 535 2371 ἐντολάς
566 2318 636 2363 vel
667 2318 805 2362 simile
836 2318 1001 2376 aliquid
1034 2321 1297 2377 cogitatione
1328 2318 1429 2362 addi
1461 2318 1676 2362 iubeatur.
1737 2319 1869 2378 plana
1901 2323 2049 2363 omnia
2086 2319 2200 2363 fiunt
2237 2330 2282 2364 et
2318 2330 2435 2364 recta
2467 2324 2501 2363 si

380 2403 610 2448 scribimus
652 2401 770 2445 ἐόντα.
845 2418 935 2445 non
975 2404 1120 2446 minus
1160 2412 1278 2446 certa
1318 2402 1623 2447 emendatione
1662 2406 1892 2447 restituere
1934 2403 2061 2447 nobis
2100 2404 2302 2449 videmur
2343 2407 2502 2448 Avium

378 2504 558 2534 versum
589 2486 690 2531 484.
751 2488 1031 2547 persequitur
1063 2487 1339 2532 Pithetaerus
1370 2490 1599 2548 pristinam
1632 2490 1778 2532 avium
1810 2491 2070 2548 potentiam,

773 2568 910 2614 αὐτίκα
941 2569 974 2614 δ’
1002 2568 1087 2629 ὑμῖν
1118 2571 1236 2628 πρῶτ’
1265 2571 1445 2627 ἐπιδείξω
1475 2569 1538 2615 τόν
1568 2570 1783 2627 αἶλεκτρυόν’
1813 2570 1860 2625 αἷς
1893 2572 2074 2627 ἐτυράννει

770 2649 874 2712 ἦρχέ
902 2673 944 2698 τε
976 2658 1136 2711 Περσῶν
1166 2658 1314 2712 πρῶτον
1346 2654 1504 2707 πάντων,
1541 2655 1714 2712 Δαρείου
1745 2654 1809 2699 καὶ
1841 2656 2090 2713 Μεγαβάζου,

770 2733 868 2783 ὥστε
898 2742 1074 2784 καλεῖται
1104 2738 1293 2795 Περσικὸς
1325 2734 1419 2796 ὅρνις
1449 2738 1527 2785 ‹in-3
1558 2744 1623 2799 τῆς
1654 2739 1781 2798 α’ρχῆς
1814 2739 1864 2785 ἔτ’
1894 2740 2047 2798 ἐκείνης.

376 2828 576 2885 ineptum
608 2834 674 2868 est
704 2827 862 2880 πρῶτον.
924 2824 1041 2868 unde
1073 2824 1292 2868 Guilelmo
1323 2825 1552 2869 Dindorfio
1586 2828 1726 2869 visum
1760 2836 1826 2869 est
1857 2826 2133 2870 scribendum
2176 2843 2271 2871 esse
2309 2828 2497 2884 πρότερον.

379 2910 502 2955 addit
528 2907 644 2953 ‘nam
675 2912 711 2954 si
741 2910 817 2954 illo
849 2912 914 2952 uti
945 2909 1158 2953 voluisset
1185 2920 1340 2970 poeta,
1371 2912 1522 2966 πρῶτος
1552 2914 1700 2971 potius
1732 2910 1997 2971 scripsisset.'
2057 2914 2180 2971 atqui
2212 2928 2309 2956 cum
2341 2925 2498 2957 neutro

378 2997 578 3054 congruit
607 2995 730 3052 quod
761 2998 959 3053 sequitur
990 2994 1164 3049 Δαρείου
1195 2992 1258 3036 καὶ
1290 2994 1537 3049 Μεγαβάζου.
1599 2996 1697 3037 hinc
1728 2997 1964 3039 Meinekius
1996 2996 2206 3055 probavit
2236 2998 2354 3056 quod
2376 2999 2428 3040 R.
2449 2999 2496 3041 B.

375 3079 642 3137 Hirsehigius
675 3081 848 3139 scripsit
887 3071 988 3135 ἦρχέ
1025 3096 1066 3121 τε
1097 3079 1260 3134 Περσῶν
1299 3076 1446 3122 πάντων
1487 3077 1668 3135 πρότερος
1707 3079 1882 3135 Δαρείου
1918 3077 1982 3122 καὶ
2017 3080 2266 3137 Μεγαβάζου.
2328 3083 2405 3126 sed
2444 3099 2497 3127 ne

375 3164 460 3208 hoc
492 3162 668 3222 quidem
700 3162 756 3207 ab
786 3163 1079 3224 Aristophane
1107 3162 1357 3222 profectum
1388 3172 1466 3207 est.
1528 3166 1688 3207 etenim
1723 3173 1774 3207 ut
1809 3173 2035 3209 taceamus
2077 3163 2220 3208 πάντων
2259 3166 2316 3210 ad
2345 3167 2496 3212 Persa-

375 3264 474 3292 rum
508 3263 669 3293 nomen
698 3248 910 3293 inutiliter
941 3247 1140 3293 additum
1172 3263 1285 3300 esse,
1323 3263 1467 3307 neque
1497 3250 1612 3293 enim
1642 3248 1773 3308 plane
1812 3250 1951 3293 simile
1991 3258 2058 3294 est
2096 3248 2217 3308 quod
2254 3266 2293 3294 v.
2314 3249 2403 3295 504
2435 3252 2496 3296 di-
