2940 3720
854 1058 1444 1120 VNIVERSITATIS
1495 1058 2006 1118 LITTERARIAE

1054 1272 1421 1320 mmmmm
1449 1271 1791 1319 GVILELMAE

935 1472 1277 1543 RECTOR
1327 1473 1441 1542 ET
1492 1472 1906 1543 SENATVS.

362 1724 433 1804 In
461 1758 766 1818 Aristophanis
804 1756 973 1802 Avibus
1010 1765 1250 1816 postquam
1289 1755 1526 1817 Euelpides
1566 1764 1618 1800 ut
1655 1771 1855 1816 upupam
1895 1759 2106 1802 excitaret
2143 1758 2287 1817 lapide
2332 1773 2486 1803 saxum

363 1845 557 1903 pulsavit
585 1853 631 1887 et
659 1845 740 1885 παῖ’
760 1844 841 1884 na?
863 1842 1137 1893 exclamavit,
1166 1841 1441 1885 Pithetaerus
1472 1842 1540 1885 his
1571 1857 1672 1885 eum
1702 1841 1848 1885 verbis
1878 1844 2077 1901 increpat
2107 1858 2147 1885 v.
2169 1840 2241 1893 57,

906 1925 952 1968 τί
977 1925 1097 1982 λέγεις
1128 1919 1255 1979 οὗτοςς
1285 1923 1507 1968 vergnam
1537 1928 1616 1967 παῖ
1637 1928 1787 1979 καλεῒς;

845 2007 913 2053 οὐκ
943 2006 1025 2053 α’ντὶ
1055 2012 1124 2054 τοῦ
1152 2008 1288 2062 παιδός
1318 2008 1354 2052 c’
1374 2006 1493 2067 ἔχρην
1524 2010 1669 2053 ἐποποῖ
1689 2011 1839 2064 καλεῖνς

364 2096 656 2147 Pithetaerus‚
697 2097 890 2154 inquam.
959 2109 1064 2139 nam
1105 2109 1207 2139 cum
1244 2096 1291 2139 in
1330 2094 1453 2138 libris
1495 2096 1707 2155 scriptum
1748 2096 1805 2137 sit
1841 2093 2122 2150 Πεισᾶέταιρος
2165 2111 2206 2138 v.
2238 2094 2326 2139 644
2368 2096 2485 2139 1123

366 2177 503 2232 1495,
544 2178 823 2235 Πεισθέταιρον
851 2194 893 2224 v.
916 2177 1055 2231 1046,
1096 2178 1356 2235 Πεισὲἐταιρε
1395 2194 1437 2224 v.
1460 2177 1598 2231 1271,
1638 2180 1878 2223 rectissime
1921 2193 2028 2223 sane
2064 2179 2295 2225 Dobraeus
2326 2181 2436 2225 Adv.
2457 2197 2487 2225 11

364 2281 407 2325 p.
428 2264 517 2309 213
547 2264 660 2308 hanc
689 2265 878 2309 nominis
909 2263 1100 2308 formam
1132 2280 1222 2309 non
1254 2279 1348 2309 esse
1370 2262 1584 2309 Graecam
1613 2262 1836 2315 intellexit,
1869 2261 1947 2308 sed
1978 2263 2100 2323 quod
2130 2274 2208 2309 aut
2228 2264 2487 2321 Πισθέταιρον

365 2360 444 2394 aut
470 2352 620 2409 potius
651 2347 897 2403 Πασέτειιρσν
927 2348 1248 2393 restituendum
1280 2364 1375 2392 esse
1416 2350 1604 2399 censuit,
1646 2357 1854 2392 neutrum
1894 2357 1989 2392 tam
2029 2348 2258 2407 probabile
2290 2365 2384 2394 esse
2422 2353 2487 2394 vi-

365 2434 494 2480 detur
525 2449 659 2493 quam
700 2432 821 2493 quod
853 2433 1096 2477 Guilelmus
1127 2432 1385 2477 Dindorfius
1426 2436 1669 2477 mutatione
1714 2435 1911 2477 omnium
1951 2433 2175 2478 lenissima
2212 2437 2489 2494 recuperavit

365 2532 525 2563 nomen
556 2515 836 2573 Πειθεταίρου,
878 2519 948 2561 cui
984 2516 1184 2562 adsimile
1215 2525 1282 2562 est
1312 2516 1458 2562 forma
1490 2526 1534 2561 et
1564 2516 1876 2577 significatione
1906 2516 2134 2574 Πειθόξενος
2172 2520 2218 2561 in
2247 2519 2376 2563 titulo
2409 2521 2487 2562 At-

364 2606 452 2648 tico
483 2602 690 2648 Boeckhii
726 2610 758 2646 t.
778 2618 793 2646 1
830 2616 873 2662 p.
895 2602 996 2647 359.
1036 2604 1084 2646 in
1121 2602 1357 2647 Pithetaeri
1396 2604 1528 2662 igitur
1566 2602 1650 2646 illis
1692 2602 1837 2646 verbis
1877 2617 2123 2663 pronomen
2163 2612 2281 2648 recte
2322 2604 2489 2649 addidit

365 2687 570 2733 Beckius:
610 2688 821 2732 omissum
852 2696 919 2731 est
947 2687 993 2731 in
1022 2685 1145 2732 libris
1176 2684 1454 2738 melioribus,
1492 2687 1539 2731 in
1577 2685 1867 2732 deterioribus
1904 2695 1956 2732 ut
1991 2688 2164 2733 numeri
2201 2702 2354 2734 versus
2385 2702 2487 2734 con-

365 2775 592 2832 plerentur
620 2775 767 2832 inepte
798 2775 1008 2830 scriptum
1039 2770 1174 2823 παιδός
1204 2770 1239 2827 γ’
1259 2768 1390 2828 ἔχρην.
1453 2771 1531 2816 sed
1562 2770 1696 2824 παιδός
1727 2789 1818 2816 non
1848 2771 2128 2817 tolerandum
2150 2782 2273 2817 ratus
2296 2772 2488 2818 Cobetus

365 2858 524 2902 Mnem.
544 2874 575 2900 11
604 2873 647 2918 p.
670 2857 757 2900 102
790 2856 917 2901 scribi
947 2857 1070 2900 iubet
1099 2859 1179 2898 παῖ’
1199 2858 1283 2898 παῖ’.
1343 2858 1551 2899 nimirum
1583 2867 1685 2900 ante
1725 2856 1954 2900 dimidium
1986 2857 2210 2901 saeculum
2240 2857 2356 2901 idem
2384 2874 2489 2917 pro·

365 2942 469 2985 tulit
486 2941 720 2985 Elmsleius
750 2944 797 2984 in
828 2941 1037 2985 addendis
1069 2941 1127 2984 ad
1146 2941 1491 2984 Acharnensium
1514 2956 1555 2984 v,
1570 2941 1629 2983 36
1649 2944 1913 2999 repetiitque
1942 2951 2100 2999 postea
2122 2942 2299 2985 Medeae
2329 2957 2372 3000 p.
2387 2942 2489 2985 287.

368 3026 561 3071 Cobetus
592 3028 708 3069 enim
740 3028 821 3070 etsi
850 3041 941 3069 non
972 3026 1084 3068 solet
1114 3040 1382 3084 magnopere
1412 3034 1612 3068 veterum
1651 3029 2041 3084 grammaticorum
2080 3029 2389 3069 existimationi
2425 3027 2489 3069 fa·

367 3125 490 3164 vere,
529 3112 659 3155 unius
689 3119 839 3155 tamen
872 3111 1142 3171 grammatici
1174 3112 1435 3153 sententiam
1467 3109 1675 3153 admirari
1705 3110 1924 3170 planeque
1963 3125 2089 3154 suam
2121 3110 2274 3154 fecisse
2304 3110 2491 3162 videtur,

366 3196 552 3250 Donati,
597 3210 729 3257 quem
764 3196 1064 3259 Hieronymus
1108 3195 1345 3257 discipulus
1388 3197 1481 3241 eius
1521 3194 1680 3241 dixisse
1719 3205 1873 3242 narrat
1908 3193 2111 3258 ‘pereant
2150 3198 2225 3257 qui
2266 3205 2369 3242 ante
2409 3211 2489 3242 nos

1995 3290 2082 3334 Α2
